<record><leader>00000cas a2200000 a 4500</leader><controlfield tag="001">432643931</controlfield><controlfield tag="008">090824d20092014wiuwr ne      0    0eng c</controlfield><datafield ind1=" " ind2=" " tag="010"><subfield code="a">  2015269509</subfield></datafield><datafield ind1=" " ind2=" " tag="040"><subfield code="a">WIH</subfield><subfield code="b">eng</subfield><subfield code="c">WIH</subfield><subfield code="d">OCLCQ</subfield><subfield code="d">WIQ</subfield><subfield code="d">OCLCF</subfield><subfield code="d">WIH</subfield><subfield code="d">DLC</subfield></datafield><datafield ind1=" " ind2=" " tag="019"><subfield code="a">433693371</subfield></datafield><datafield ind1=" " ind2=" " tag="037"><subfield code="b">Journal Community Publishing Group, 600 Industrial Dr., Waupaca, WI 54981</subfield></datafield><datafield ind1=" " ind2=" " tag="042"><subfield code="a">pcc</subfield></datafield><datafield ind1=" " ind2=" " tag="043"><subfield code="a">n-us-wi</subfield></datafield><datafield ind1="0" ind2="0" tag="245"><subfield code="a">County post east.</subfield></datafield><datafield ind1=" " ind2=" " tag="260"><subfield code="a">Waupaca, WI :</subfield><subfield code="b">Journal Community Pub. Group,</subfield><subfield code="c">2009-2014.</subfield></datafield><datafield ind1=" " ind2=" " tag="300"><subfield code="a">v. :</subfield><subfield code="b">ill. ;</subfield><subfield code="c">55 cm.</subfield></datafield><datafield ind1=" " ind2=" " tag="310"><subfield code="a">Weekly</subfield></datafield><datafield ind1="1" ind2=" " tag="362"><subfield code="a">Began with vol. 167, issue 33 (Aug. 13, 2009); ceased with v. 172, issue 19 (May 1, 2014).</subfield></datafield><datafield ind1=" " ind2=" " tag="515"><subfield code="a">Continues the numbering of: Waupaca County post.</subfield></datafield><datafield ind1=" " ind2=" " tag="580"><subfield code="a">Formed by the merger of: Clintonville tribune-gazette, Manawa advocate (Waupaca, Wis. : 2009) and: New London press star.</subfield></datafield><datafield ind1=" " ind2=" " tag="580"><subfield code="a">Split into: Clintonville tribune-gazette and New London press star.</subfield></datafield><datafield ind1=" " ind2=" " tag="588"><subfield code="a">Description based: Vol. 167, issue 33 (Aug. 13, 2009).</subfield></datafield><datafield ind1=" " ind2=" " tag="588"><subfield code="a">Latest issue consulted: Vol. 172, issue 19 (May 1, 2014).</subfield></datafield><datafield ind1=" " ind2="0" tag="651"><subfield code="a">Waupaca County (Wis.)</subfield><subfield code="v">Newspapers.</subfield></datafield><datafield ind1=" " ind2="0" tag="651"><subfield code="a">Waupaca (Wis.)</subfield><subfield code="v">Newspapers.</subfield></datafield><datafield ind1=" " ind2="7" tag="651"><subfield code="a">Wisconsin</subfield><subfield code="z">Waupaca.</subfield><subfield code="2">fast</subfield><subfield code="0">(OCoLC)fst01222759</subfield></datafield><datafield ind1=" " ind2="7" tag="651"><subfield code="a">Wisconsin</subfield><subfield code="z">Waupaca County.</subfield><subfield code="2">fast</subfield><subfield code="0">(OCoLC)fst01230114</subfield></datafield><datafield ind1=" " ind2="7" tag="655"><subfield code="a">Newspapers.</subfield><subfield code="2">fast</subfield><subfield code="0">(OCoLC)fst01423814</subfield></datafield><datafield ind1=" " ind2=" " tag="752"><subfield code="a">United States</subfield><subfield code="b">Wisconsin</subfield><subfield code="c">Waupaca</subfield><subfield code="d">Waupaca.</subfield></datafield><datafield ind1="1" ind2="4" tag="780"><subfield code="t">Clintonville tribune-gazette</subfield><subfield code="x">0749-7024</subfield><subfield code="w">(DLC)sn 84006993</subfield><subfield code="w">(OCoLC)11165409</subfield></datafield><datafield ind1="1" ind2="4" tag="780"><subfield code="t">Manawa advocate (Waupaca, Wis. : 2009)</subfield><subfield code="w">(DLC)  2015269515</subfield><subfield code="w">(OCoLC)315826027</subfield></datafield><datafield ind1="1" ind2="4" tag="780"><subfield code="t">New London press-star</subfield><subfield code="w">(DLC)  2015269514</subfield><subfield code="w">(OCoLC)432330206</subfield></datafield><datafield ind1="1" ind2="6" tag="785"><subfield code="t">Clintonville tribune-gazette (New London, Wis. : 2014)</subfield><subfield code="w">(DLC)  2015269503</subfield><subfield code="w">(OCoLC)914278707</subfield></datafield><datafield ind1="1" ind2="6" tag="785"><subfield code="t">New London press star (New London, Wis. : 2014)</subfield><subfield code="w">(DLC)  2015269504</subfield><subfield code="w">(OCoLC)879620360</subfield></datafield></record>